@book{Asboth2015,
  author    = {Janos K. Asboth and Laszlo Oroszlany and Andras Palyi},
  isbn      = {978-3-319-25607-8},
  journal   = {Arxiv},
  title     = {A Short Course on Topological Insulators (Lecture Notes in Physics)},
  volume    = {919},
  year      = {2015},
  publisher = {Elsevier}
}

@article{Benalcazar2017,
  author  = {Wladimir A. Benalcazar and B. Andrei Bernevig and Taylor L. Hughes},
  doi     = {10.1126/science.aah6442},
  issn    = {10959203},
  issue   = {6346},
  journal = {Science},
  pages   = {61-66},
  pmid    = {28684520},
  title   = {Quantized electric multipole insulators},
  volume  = {357},
  year    = {2017}
}

@article{benalcazar2020higher,
  title   = {Higher-order topological pumping},
  author  = {Benalcazar, Wladimir A and Noh, Jiho and Wang, Mohan and Huang, Sheng and Chen, Kevin P and Rechtsman, Mikael C},
  journal = {arXiv preprint arXiv:2006.13242},
  year    = {2020}
}

@article{Moore2010,
  author  = {Joel E. Moore},
  doi     = {10.1038/nature08916},
  issn    = {00280836},
  issue   = {7286},
  journal = {Nature},
  pages   = {194-198},
  pmid    = {20220837},
  title   = {The birth of topological insulators},
  volume  = {464},
  year    = {2010}
}

@book{rabe2007modern,
  title     = {Modern physics of ferroelectrics: Essential background},
  author    = {Rabe, Karin M and Dawber, Matthew and Lichtensteiger, C{\'e}line and Ahn, Charles H and Triscone, Jean-Marc},
  booktitle = {Physics of Ferroelectrics},
  pages     = {1-30},
  year      = {2007},
  publisher = {Springer}
}

@article{schindler2018higher,
  title     = {Higher-order topological insulators},
  author    = {Schindler, Frank and Cook, Ashley M and Vergniory, Maia G and Wang, Zhijun and Parkin, Stuart SP and Bernevig, B Andrei and Neupert, Titus},
  journal   = {Science advances},
  volume    = {4},
  number    = {6},
  pages     = {eaat0346},
  year      = {2018},
  publisher = {American Association for the Advancement of Science}
}

@book{Shore2018,
  author    = {K. Alan Shore},
  isbn      = {9781316662205},
  issue     = {4},
  journal   = {Contemporary Physics},
  title     = {Berry phases in electronic structure theory},
  volume    = {59},
  year      = {2018},
  publisher = {Elsevier}
}

@article{spaldin2012beginner,
  title     = {A beginner's guide to the modern theory of polarization},
  author    = {Spaldin, Nicola A},
  journal   = {Journal of Solid State Chemistry},
  volume    = {195},
  pages     = {2-10},
  year      = {2012},
  publisher = {Elsevier}
}

